<record><leader>00000cas a2200000 a 4500</leader><controlfield tag="001">57832817</controlfield><controlfield tag="008">050301d19431943cousr ne      0    0eng c</controlfield><datafield ind1=" " ind2=" " tag="010"><subfield code="a">sn2007058103</subfield></datafield><datafield ind1=" " ind2=" " tag="040"><subfield code="a">CCO</subfield><subfield code="b">eng</subfield><subfield code="c">CCO</subfield><subfield code="d">OCLCQ</subfield><subfield code="d">DLC</subfield><subfield code="d">OCL</subfield><subfield code="d">OCLCQ</subfield><subfield code="d">DLC</subfield><subfield code="d">OCLCQ</subfield></datafield><datafield ind1=" " ind2=" " tag="042"><subfield code="a">pcc</subfield></datafield><datafield ind1=" " ind2=" " tag="043"><subfield code="a">n-us---</subfield><subfield code="a">n-us-co</subfield></datafield><datafield ind1="0" ind2="0" tag="050"><subfield code="a">Newspaper</subfield></datafield><datafield ind1="0" ind2="0" tag="245"><subfield code="a">Amache Hi it.</subfield></datafield><datafield ind1="3" ind2="0" tag="246"><subfield code="a">It</subfield></datafield><datafield ind1=" " ind2=" " tag="260"><subfield code="c">1943.</subfield></datafield><datafield ind1=" " ind2=" " tag="300"><subfield code="a">v. ;</subfield><subfield code="c">35 cm.</subfield></datafield><datafield ind1="0" ind2=" " tag="362"><subfield code="a">V. 1, no. 2 (Jan. 11, 1943)-v. 2, no. 7 (June 14,1943).</subfield></datafield><datafield ind1="0" ind2=" " tag="490"><subfield code="a">Japanese camp papers</subfield></datafield><datafield ind1=" " ind2=" " tag="530"><subfield code="a">Also issued on microfilm from the Library of Congress, Photoduplication Service in the Japanese camp papers collection, 1942-1945.</subfield></datafield><datafield ind1=" " ind2=" " tag="550"><subfield code="a">Published by the Amache senior high school journalism class.</subfield></datafield><datafield ind1=" " ind2="0" tag="650"><subfield code="a">Japanese Americans</subfield><subfield code="x">Evacuation and relocation, 1942-1945</subfield><subfield code="v">Newspapers.</subfield></datafield><datafield ind1=" " ind2="0" tag="650"><subfield code="a">World War, 1939-1945</subfield><subfield code="x">Education and the war.</subfield></datafield><datafield ind1=" " ind2="0" tag="650"><subfield code="a">Concentration camps</subfield><subfield code="z">United States.</subfield></datafield><datafield ind1=" " ind2="0" tag="651"><subfield code="a">Granada Relocation Center</subfield><subfield code="z">Amache (Colo.)</subfield></datafield><datafield ind1=" " ind2="0" tag="651"><subfield code="a">Amache (Colo.)</subfield><subfield code="v">Newspapers.</subfield></datafield><datafield ind1="2" ind2=" " tag="710"><subfield code="a">Amache Senior High School Journalism Class.</subfield></datafield><datafield ind1=" " ind2=" " tag="752"><subfield code="a">United States</subfield><subfield code="b">Colorado</subfield><subfield code="c">Prowers</subfield><subfield code="d">Amache.</subfield></datafield><datafield ind1="1" ind2=" " tag="029"><subfield code="a">AU@</subfield><subfield code="b">000041885848</subfield></datafield></record>